<record><leader>02885cam a2200493 i 4500</leader><controlfield tag="001">6815447</controlfield><controlfield tag="003">OCoLC</controlfield><controlfield tag="005">20150217133407.0</controlfield><controlfield tag="006">g---            vl</controlfield><controlfield tag="007">vd cuairn</controlfield><controlfield tag="008">141029t20152015abca     b    001 0 eng  </controlfield><datafield ind1=" " ind2=" " tag="016"><subfield code="a">20149071671</subfield></datafield><datafield ind1=" " ind2=" " tag="020"><subfield code="a">9781772120066 (pbk.)</subfield></datafield><datafield ind1=" " ind2=" " tag="020"><subfield code="a">1772120065 (pbk.)</subfield></datafield><datafield ind1=" " ind2=" " tag="020"><subfield code="z">9781772120349 (PDF)</subfield></datafield><datafield ind1=" " ind2=" " tag="035"><subfield code="a">ocn894750856</subfield></datafield><datafield ind1=" " ind2=" " tag="040"><subfield code="a">NLC</subfield><subfield code="b">eng</subfield><subfield code="e">rda</subfield><subfield code="c">NLC</subfield><subfield code="d">OCLCO</subfield><subfield code="d">UAB</subfield><subfield code="d">AEU</subfield></datafield><datafield ind1=" " ind2="4" tag="050"><subfield code="a">HQ35</subfield><subfield code="b">.S44 2015</subfield></datafield><datafield ind1=" " ind2="0" tag="055"><subfield code="a">HQ35</subfield><subfield code="b">S44 2015</subfield></datafield><datafield ind1="0" ind2="4" tag="082"><subfield code="a">306.70835</subfield><subfield code="2">23</subfield></datafield><datafield ind1=" " ind2=" " tag="090"><subfield code="a">HQ 35 S442 2015</subfield><subfield code="b">AEU</subfield></datafield><datafield ind1="1" ind2=" " tag="100"><subfield code="a">Selman, Jan,</subfield><subfield code="e">author.</subfield></datafield><datafield ind1="1" ind2="0" tag="245"><subfield code="a">Theatre, teens, sex ed :</subfield><subfield code="b">are we there yet? /</subfield><subfield code="c">Jan Selman and Jane Heather ; with contributions from Shaniff Esmail, Brenda Munro, Tracy L. Bear, James McKinnon, and the Are We There Yet? Community-University Research Alliance.</subfield></datafield><datafield ind1="3" ind2="0" tag="246"><subfield code="a">Theater, teens, sex ed</subfield></datafield><datafield ind1=" " ind2="1" tag="264"><subfield code="a">Edmonton, Alberta, Canada :</subfield><subfield code="b">The University of Alberta Press,</subfield><subfield code="c">2015.</subfield></datafield><datafield ind1=" " ind2="4" tag="264"><subfield code="c">&#169;2015</subfield></datafield><datafield ind1=" " ind2=" " tag="300"><subfield code="a">xiv, 542 pages :</subfield><subfield code="b">illustrations ;</subfield><subfield code="c">23 cm +</subfield><subfield code="e">1 DVD (4 3/4 in.)</subfield></datafield><datafield ind1=" " ind2=" " tag="336"><subfield code="a">text</subfield><subfield code="b">txt</subfield><subfield code="2">rdacontent</subfield></datafield><datafield ind1=" " ind2=" " tag="336"><subfield code="a">still image</subfield><subfield code="b">sti</subfield><subfield code="2">rdacontent</subfield></datafield><datafield ind1=" " ind2=" " tag="337"><subfield code="a">unmediated</subfield><subfield code="b">n</subfield><subfield code="2">rdamedia</subfield></datafield><datafield ind1=" " ind2=" " tag="338"><subfield code="a">volume</subfield><subfield code="b">nc</subfield><subfield code="2">rdacarrier</subfield></datafield><datafield ind1=" " ind2=" " tag="504"><subfield code="a">Includes bibliographical references and index.</subfield></datafield><datafield ind1=" " ind2=" " tag="520"><subfield code="a">"When the topic is sex, fear and embarrassment prevent frank and meaningful communication between teens and adults. Using participatory theatre can break the uncomfortable silence, and with over 700 performances across Canada, Jane Heather's play Are We There Yet? has been an effective tool for teaching teen sexuality since 1998. The play and program were the subject of a major impact assessment and researchers of many kinds examined how and why theatre can make change. This comprehensive, well-organized volume by two leading experts offers a rich diversity of material and analysis. The play appears in the volume and is available for separate purchase as a reproducible PDF, and a video production of examples of theatrical participation is included on a pocketed DVD. Theatre, Teens, Sex Ed will be a valuable resource for academics, practitioners, and specialist readerships in the fields of theatre, sex education, sociology, and public health"--</subfield><subfield code="c">Provided by publisher.</subfield></datafield><datafield ind1=" " ind2=" " tag="596"><subfield code="a">16 43</subfield></datafield><datafield ind1="1" ind2="0" tag="600"><subfield code="a">Heather, Jane.</subfield><subfield code="t">Are we there yet?</subfield></datafield><datafield ind1=" " ind2="0" tag="650"><subfield code="a">Sex instruction for teenagers.</subfield></datafield><datafield ind1=" " ind2="0" tag="650"><subfield code="a">Teenagers</subfield><subfield code="x">Sexual behavior.</subfield></datafield><datafield ind1=" " ind2="0" tag="650"><subfield code="a">Participatory theater.</subfield></datafield><datafield ind1=" " ind2="0" tag="650"><subfield code="a">Drama in education.</subfield></datafield><datafield ind1="1" ind2=" " tag="700"><subfield code="a">Heather, Jane,</subfield><subfield code="e">author.</subfield></datafield><datafield ind1="1" ind2="2" tag="700"><subfield code="a">Heather, Jane.</subfield><subfield code="t">Are we there yet?</subfield></datafield><datafield ind1=" " ind2=" " tag="949"><subfield code="a">HQ 35 S442 2015</subfield><subfield code="h">UAHS-B</subfield><subfield code="i">0162035244704</subfield></datafield><datafield ind1=" " ind2=" " tag="926"><subfield code="a">HQ 35 S442 2015</subfield><subfield code="w">LC</subfield><subfield code="c">1</subfield><subfield code="i">0162035244704</subfield><subfield code="d">6/5/2015</subfield><subfield code="e">4/4/2015</subfield><subfield code="l">ON_SHELF</subfield><subfield code="m">UAHSS</subfield><subfield code="n">1</subfield><subfield code="p">$150.00</subfield><subfield code="r">Y</subfield><subfield code="s">Y</subfield><subfield code="t">BOOK</subfield><subfield code="u">3/4/2015</subfield></datafield><datafield ind1=" " ind2=" " tag="926"><subfield code="a">HQ 35 S442 2015</subfield><subfield code="w">LC</subfield><subfield code="c">1</subfield><subfield code="i">0162026614709</subfield><subfield code="l">ON_SHELF</subfield><subfield code="m">UAAUG</subfield><subfield code="p">$100.00</subfield><subfield code="r">Y</subfield><subfield code="s">Y</subfield><subfield code="t">BOOK</subfield><subfield code="u">7/7/2016</subfield></datafield></record>